% Sample BibTeX file
%%%%%%%%%%%%%%%%%%%%%%%%%%%%%%%%%%%%%%%%%%%%%%%%%%%%%%%%%%%%%%%%%%%%%%
@Article{Mortimer_2014,
  author    = {Stefanie A. Mortimer and Mary Anne Kidwell and Jennifer A. Doudna},
  journal   = {Nature Reviews Genetics},
  title     = {Insights into {RNA} structure and function from genome-wide studies},
  year      = {2014},
  month     = {may},
  number    = {7},
  pages     = {469--479},
  volume    = {15},
  doi       = {10.1038/nrg3681},
  publisher = {Springer Science and Business Media {LLC}},
}


@InProceedings{EbrahimpourBoroojeny2021,
  author =	{Ebrahimpour-Boroojeny, Ali and Rajopadhye, Sanjay and Chitsaz, Hamidreza},
  title =	{{BPPart: RNA-RNA Interaction Partition Function in the Absence of Entropy}},
  booktitle =	{21st International Workshop on Algorithms in Bioinformatics (WABI 2021)},
  pages =	{14:1--14:24},
  series =	{Leibniz International Proceedings in Informatics (LIPIcs)},
  ISBN =	{978-3-95977-200-6},
  ISSN =	{1868-8969},
  year =	{2021},
  volume =	{201},
  editor =	{Carbone, Alessandra and El-Kebir, Mohammed},
  publisher =	{Schloss Dagstuhl -- Leibniz-Zentrum f{\"u}r Informatik},
  address =	{Dagstuhl, Germany},
  URL =		{https://drops.dagstuhl.de/opus/volltexte/2021/14367},
  URN =		{urn:nbn:de:0030-drops-143673},
  doi =		{10.4230/LIPIcs.WABI.2021.14},
  annote =	{Keywords: RNA-RNA Interaction, Partition Function, RNA Secondary Structure}
}

@InProceedings{Williams2008,
  author    = {Samuel Williams and David Patterson and Leonid Oliker and John Shalf and Katherine Yelick},
  booktitle = {2008 {IEEE} Hot Chips 20 Symposium ({HCS})},
  title     = {The roofline model: A pedagogical tool for program analysis and optimization},
  year      = {2008},
  month     = {aug},
  publisher = {{IEEE}},
  doi       = {10.1109/hotchips.2008.7476531},
}

@InProceedings{RaganKelley2013,
  author    = {Jonathan Ragan-Kelley and Connelly Barnes and Andrew Adams and Sylvain Paris and Fr{\'{e}}do Durand and Saman Amarasinghe},
  booktitle = {Proceedings of the 34th {ACM} {SIGPLAN} conference on Programming language design and implementation - {PLDI} {\textquotesingle}13},
  title     = {Halide},
  year      = {2013},
  publisher = {{ACM} Press},
  doi       = {10.1145/2491956.2462176},
}

@InProceedings{Li2013,
  author    = {Junjie Li and Sanjay Ranka and Sartaj Sahni},
  booktitle = {2013 {IEEE} 3rd International Conference on Computational Advances in Bio and medical Sciences ({ICCABS})},
  title     = {Multicore and {GPU} algorithms for nussinov {RNA} folding},
  year      = {2013},
  month     = {jun},
  publisher = {{IEEE}},
  doi       = {10.1109/iccabs.2013.6629204},
}

@InProceedings{Bondhugula2008,
  author    = {Uday Bondhugula and Albert Hartono and J. Ramanujam and P. Sadayappan},
  booktitle = {Proceedings of the 2008 {ACM} {SIGPLAN} conference on Programming language design and implementation - {PLDI} {\textquotesingle}08},
  title     = {A practical automatic polyhedral parallelizer and locality optimizer},
  year      = {2008},
  publisher = {{ACM} Press},
  doi       = {10.1145/1375581.1375595},
}


@Article{Ding1999,
  author    = {Ye Ding and Charles E Lawrence},
  journal   = {Computers {\&} Chemistry},
  title     = {A Bayesian statistical algorithm for {RNA} secondary structure prediction},
  year      = {1999},
  month     = {jun},
  number    = {3-4},
  pages     = {387--400},
  volume    = {23},
  doi       = {10.1016/s0097-8485(99)00010-8},
  publisher = {Elsevier {BV}},
}

@InCollection{Rizk2011,
  author    = {Guillaume Rizk and Dominique Lavenier and Sanjay Rajopadhye},
  booktitle = {{GPU} Computing Gems Emerald Edition},
  publisher = {Elsevier},
  title     = {{GPU} Accelerated {RNA} Folding Algorithm},
  year      = {2011},
  pages     = {199--210},
  doi       = {10.1016/b978-0-12-384988-5.00014-0},
}

@Article{Zuker1981,
  author    = {Michael Zuker and Patrick Stiegler},
  journal   = {Nucleic Acids Research},
  title     = {Optimal computer folding of large {RNA} sequences using thermodynamics and auxiliary information},
  year      = {1981},
  number    = {1},
  pages     = {133--148},
  volume    = {9},
  doi       = {10.1093/nar/9.1.133},
  publisher = {Oxford University Press ({OUP})},
}

@InProceedings{Gildemaster2020,
  author    = {Brandon Gildemaster and Prerana Ghalsasi and Sanjay Rajopadhye},
  booktitle = {2020 {IEEE} International Parallel and Distributed Processing Symposium Workshops ({IPDPSW})},
  title     = {A Tropical Semiring Multiple Matrix-Product Library on {GPUs}: (not just) a step towards {RNA}-{RNA} Interaction Computations},
  year      = {2020},
  month     = {may},
  publisher = {{IEEE}},
  doi       = {10.1109/ipdpsw50202.2020.00037},
}

@inproceedings{Wonnacott2015,
author = {Wonnacott, David and Jin, Tian and Lake, Allison},
year = {2015},
booktitle = {Fifth International Workshop on Polyhedral Compilation Techniques in conjunction with HiPEAC},
month = {jan},
pages = {},
title = {Automatic Tiling of "Mostly-Tileable" Loop Nests}
}

@incollection{quinton,
	Author = {Quinton, P.},
	Booktitle = {Automata Networks in Computer Science},
	Chapter = 9,
	Editor = {{Fogelman Soulie}, F. and Robert, Y. and Tchuente, M.},
	Note = {Preliminary versions appear as IRISA Tech Reports 193 and 216,
                  1983, and in the proceedings of the IEEE Symposium on
                  Computer Architecture, 1984},
	Pages = {229-260},
	Publisher = {Princeton University Press},
	Title = {The Systematic Design of Systolic Arrays},
	Year = 1987}

@inproceedings{sanjay-fst-tcs,
	Author = {Rajopadhye, S. V. and Purushothaman, S. and Fujimoto, R. M.},
	Booktitle = {Proceedings, Sixth Conference on Foundations of Software
                  Technology and Theoretical Computer Science},
	Key = {Rajopadhye86b},
	Month = {December},
	Pages = {488-503},
	Publisher = {Springer Verlag, LNCS~241},
	Title = {On Synthesizing Systolic Arrays from Recurrence Equations
                  with Linear Dependencies},
	Year = {1986}}

@article{sanjay-dc,
	Author = {Rajopadhye, S. V.},
	Journal = {Distributed Computing},
	Key = {Rajopadhye89a},
	Month = {May},
	Pages = {88-105},
	Publisher = {Elsevier Science, North Holland},
	Title = {Synthesizing Systolic Arrays with Control Signals from
                  Recurrence Equations},
	Volume = 3,
	Year = {1989}}

@phdthesis{sanjay-thesis,
	Address = {Salt Lake City, Utah 84112},
	Author = {Rajopadhye, S. V.},
	Key = {Rajopadhye86th},
	Month = {December},
	School = {University of Utah},
	Title = {Synthesis, Optimization and Verification of Systolic
                  Architectures},
	Year = {1986}}

@inproceedings{Quinton84c,
	Author = {P. Quinton},
	Booktitle = {11th Annual International Symposium on Computer
                  Architecture, Ann Arbor},
	Month = {June},
	Pages = {208-214},
	Title = {Automatic Synthesis of Systolic Arrays from Recurrent Uniform
                  Equations},
	Year = {1984}}

@article{quinton-jvsp89,
	Author = {Quinton, P. and {Van Dongen}, V.},
	Journal = {Journal of {VLSI} Signal Processing},
	Number = 2,
	Pages = {95-113},
	Publisher = {Kluwer Academic Publishers, Boston},
	Title = {The Mapping of Linear Recurrence Equations on Regular Arrays},
	Volume = 1,
	Year = 1989}

@Article{feautrier91,
author=		"Feautrier, P.",
title=		"Dataflow analysis of array and scalar references",
journal=	"International Journal of Parallel Programming",
year=		1991,
volume=		20,
number=		1,
pages=		"23-53",
month=		"Feb",
annote=		"This article explains how a simple imperative language
	program (consisting only of assignments, for loops with affine loop
	limits, and arrays with affine index expressions), can be statically
	analyzed to find the flow dependencies."
}

@article{feautrier92b,
  author    = {Paul Feautrier},
  title     = {Some Efficient Solutions to the Affine Scheduling Problem.
               {Part II}. Multidimensional Time},
  journal   = {International Journal of Parallel Programming},
  volume    = {21},
  number    = {6},
  year      = {1992},
  pages     = {389-420},
  ee        = {http://dx.doi.org/10.1007/BF01379404}
}

@article{feautrier92a,
  author    = {Paul Feautrier},
  title     = {Some Efficient Solutions to the Affine Scheduling Problem.
              {Part I}.  One-dimensional Time},
  journal   = {International Journal of Parallel Programming},
  volume    = {21},
  number    = {5},
  year      = {1992},
  pages     = {313-347},
  ee        = {http://dx.doi.org/10.1007/BF01407835}
}

@article{pugh-omega-cacm92,
 author = {Pugh, W.},
 title = {A practical algorithm for exact array dependence analysis},
 journal = {Commun. ACM},
 volume = {35},
 number = {8},
 year = {1992},
 issn = {0001-0782},
 pages = {102-114},
 doi = {http://doi.acm.org/10.1145/135226.135233},
 publisher = {ACM Press},
 }
 
 @Article{Chitsaz2009,
  author    = {Hamidreza Chitsaz and Raheleh Salari and S. Cenk Sahinalp and Rolf Backofen},
  journal   = {Bioinformatics},
  title     = {A partition function algorithm for interacting nucleic acid strands},
  year      = {2009},
  month     = {may},
  number    = {12},
  pages     = {i365--i373},
  volume    = {25},
  doi       = {10.1093/bioinformatics/btp212},
  publisher = {Oxford University Press ({OUP})},
}


@Article{Ledda2018,
  author    = {Mirko Ledda and Sharon Aviran},
  journal   = {Genome Biology},
  title     = {{PATTERNA}: transcriptome-wide search for functional {RNA} elements via structural data signatures},
  year      = {2018},
  month     = {mar},
  number    = {1},
  volume    = {19},
  doi       = {10.1186/s13059-018-1399-z},
  publisher = {Springer Science and Business Media {LLC}},
}

@Article{Swenson2012,
  author    = {M Shel Swenson and Joshua Anderson and Andrew Ash and Prashant Gaurav and Zsuzsanna Sükösd and David A Bader and Stephen C Harvey and Christine E Heitsch},
  journal   = {{BMC} Research Notes},
  title     = {{GTfold}: Enabling parallel {RNA} secondary structure prediction on multi-core desktops},
  year      = {2012},
  number    = {1},
  pages     = {341},
  volume    = {5},
  doi       = {10.1186/1756-0500-5-341},
  publisher = {Springer Science and Business Media {LLC}},
}



@InProceedings{Liu2013,
  author    = {Dajiang Liu and Shouyi Yin and Leibo Liu and Shaojun Wei},
  booktitle = {Proceedings of the 50th Annual Design Automation Conference on - {DAC} {\textquotesingle}13},
  title     = {Polyhedral model based mapping optimization of loop nests for {CGRAs}},
  year      = {2013},
  publisher = {{ACM} Press},
  doi       = {10.1145/2463209.2488757},
}

@InProceedings{Varadarajan2019,
  author    = {Varadarajan, Swetha},
  booktitle = {Proceedings of the 4th {ACM} International Workshop on Real World Domain Specific Languages},
  title     = {A Case Study on {RNA}-{RNA} Interaction Application Implementation using {AlphaZ}},
  year      = {2019},
  month     = {feb},
  publisher = {{ACM}},
  doi       = {10.1145/3300111.3300112},
}

@InCollection{Kim2010,
  author    = {DaeGon Kim and Sanjay Rajopadhye},
  booktitle = {Languages and Compilers for Parallel Computing},
  publisher = {Springer Berlin Heidelberg},
  title     = {Efficient Tiled Loop Generation: D-Tiling},
  year      = {2010},
  pages     = {293--307},
  doi       = {10.1007/978-3-642-13374-9_20},
}

@Article{Nussinov1978,
  author    = {Ruth Nussinov and George Pieczenik and Jerrold R. Griggs and Daniel J. Kleitman},
  journal   = {{SIAM} Journal on Applied Mathematics},
  title     = {Algorithms for Loop Matchings},
  year      = {1978},
  month     = {jul},
  number    = {1},
  pages     = {68--82},
  volume    = {35},
  doi       = {10.1137/0135006},
  publisher = {Society for Industrial {\&} Applied Mathematics ({SIAM})},
}





@MastersThesis{Varadarajan2016,
  author = {Varadarajan, Swetha},
  school = {Colorado State University},
  title  = {Polyhedral optimizations of {RNA}-{RNA} interaction computations},
  year   = {2016},
}

@PhdThesis{Mauras1989,
  author = {Mauras, Christophe},
  school = {Rennes 1},
  title  = {Alpha : un langage equationnel pour la conception et la programmation d'architectures paralleles synchrones},
  year   = {1989},
}

@inproceedings{Iooss2015MonoparametricTI,
  title={Mono-parametric Tiling is a Polyhedral Transformation},
  author={Guillaume Iooss and S. Rajopadhye and Christophe Alias and Y. Zou},
  year={2015}
}

@misc{noauthor_mmalpha_nodate-1,
	title = {{MMAlpha} {Homepage}},
	url = {http://www.irisa.fr/cosi/ALPHA/},
}

@inproceedings{sanjay-lcpc2012,
  title={{AlphaZ}: A System for Design Space Exploration in the Polyhedral
                  Model},
  author={Yuki, T. and Gupta, G. and Kim, DG. and Pathan, T. and Rajopadhye,
                  S.},
  booktitle={Proceedings of the 25th International Workshop on Languages and
                  Compilers for Parallel Computing},
  month = {September}, 
  year={2012},
}

@techreport{Bondhugula2015PLuToAP,
  title={PLuTo: A Practical and Fully Automatic Polyhedral Program Optimization System},
  author={Uday Bondhugula and J. Ramanujam and P. Sadayappan},
  institution = {The Ohio State University},
  year={2015}
}

@techreport{Chen08chill:a,
    author = {Chun Chen and Jacqueline Chame and Mary Hall},
    title = {CHiLL: A framework for composing high-level loop transformations},
    institution = {University of Southern California},
    year = {2008},
    month = {jun}
}


@phdthesis{leverge-thesis,
	Author = {{Le Verge}, H.},
	Month = {Oct},
	School = {L'Universit\'{e} de Rennes I},
	Title = {Un environnement de transformations de programmmes pour la
                  synth\`ese d'architectures r\'eguli\`eres},
	Year = 1992}

@inproceedings{leverge-parle92,
	Author = {{Le Verge}, H.},
	Booktitle = {Parallel Algorithms and Architectures, Europe},
	Editor = {Etiemble, D. and Syre, J-C.},
	Month = {June},
	Note = {See also, Le Verge Thesis (in French)},
	Pages = {397-411},
	Publisher = {Springer Verlag},
	Series = {LNCS},
	Title = {Reduction operators in Alpha},
	Year = 1992}

@inproceedings{DupontQuRi93,
	Author = {F. {Dupont de Dinechin} and P. Quinton and T. Risset},
	Booktitle = {Massively Parallel Programming Models},
	Editor = {W.K Giloi and S. Jahnichen and B.D. Shriver},
	Pages = {18-24},
	Publisher = {IEEE Conmputer Society Press},
	Title = {Structuration of the Alpha Language},
	Year = 1995}

@PhdThesis{florent-thesis,
  author = 	 {{Dupont de Dincehcin}, F.},
  title = 	 {Systèmes structurés d'équations récurrentes~: mise en
                  {\oe}uvre dans le langage {Alpha} et applications},
  school = 	 {Université de Rennes},
  year = 	 1997,
  month =	 {janvier}
}

@inproceedings{fdupont-asap96,
	Author = {{de Dinechin} F. and Robert, S.},
	Booktitle = {International Conference on Application Specific Systems
                  Architectures and Processors (ASAP 96)},
	Editor = {Fortes, J. and Mongenet, C. and Parhi, K. and Taylor, V.},
	Month = {August},
	Organization = {IEEE},
	Pages = {381-390},
	Title = {Hierarchical Static Analysis of Structured Systems of Affine
                  Recurrence Equations},
	Year = 1996}

@InProceedings{guillou-mma,
  title = 	 {Hardware Design Methodology with the {Alpha} Language},
  author=        {Guillou, A\-C. and Quilleré, F. and Quinton, P. and
                  Rajopadhye, S. and Risset, T.},
  year = 	 2001,
  booktitle =	 {Forum on Design Languages},
  month =	 {Sept}
}

@Article{Palkowski2019,
  author    = {Marek Palkowski and Wlodzimierz Bielecki},
  journal   = {{BMC} Bioinformatics},
  title     = {Tiling Nussinov's {RNA} folding loop nest with a space-time approach},
  year      = {2019},
  month     = {apr},
  number    = {1},
  volume    = {20},
  doi       = {10.1186/s12859-019-2785-6},
  publisher = {Springer Science and Business Media {LLC}},
}

@article{Pervouchine2004IRISIR,
  title={IRIS: intermolecular RNA interaction search.},
  author={D. D. Pervouchine},
  journal={Genome informatics. International Conference on Genome Informatics},
  year={2004},
  volume={15 2},
  pages={
          92-101
        }
}

@Article{Huang2009,
  author    = {Fenix W. D. Huang and Jing Qin and Christian M. Reidys and Peter F. Stadler},
  journal   = {Bioinformatics},
  title     = {Partition function and base pairing probabilities for {RNA}{\textendash}{RNA} interaction prediction},
  year      = {2009},
  month     = {aug},
  number    = {20},
  pages     = {2646--2654},
  volume    = {25},
  doi       = {10.1093/bioinformatics/btp481},
  publisher = {Oxford University Press ({OUP})},
}

@misc{MondalBPMax,
  author = {Chiranjeb Mondal and Sanjay Rajopadhye},
  title = {BPMax acceleration on CPU},
  year = {2020},
  publisher = {GitHub},
  journal = {GitHub repository},
  howpublished = {\url{https://github.com/chiranjeb/BPMaxCPU}},
  commit = {}
}

@InProceedings{Mondal2021,
  author    = {Chiranjeb Mondal and Sanjay Rajopadhye},
  booktitle = {2021 {IEEE} International Parallel and Distributed Processing Symposium Workshops ({IPDPSW})},
  title     = {Accelerating the {BPMax} Algorithm for {RNA}-{RNA} Interaction},
  year      = {2021},
  month     = {jun},
  publisher = {{IEEE}},
  doi       = {10.1109/ipdpsw52791.2021.00042},
}

@misc{IntelIntrinsics,
  author = {Intel®},
  title = {Intel® Intrinsics Guide},
  publisher = {Intel®},
  howpublished = {\url{https://software.intel.com/sites/landingpage/IntrinsicsGuide/}},
  commit = {}
}


@misc{IntelSwDevManual,
  author = {Intel®},
  title = {Intel® 64 and IA-32 Architectures Software Developer Manuals},
  publisher = {Intel®},
  howpublished = {\url{https://software.intel.com/content/www/us/en/develop/articles/intel-sdm.html}},
  commit = {}
}

@misc{IntelMicroManual,
  author = {Intel®},
  title = {Intel Microarchitectures},
  publisher = {Wikichip},
  howpublished = {\url{https://en.wikichip.org/wiki/intel/microarchitectures}},
  commit = {}
}

% journal or conference article
@article{forney2011classify,
  title={Classification of {EEG} during imagined mental tasks by forecasting with Elman Recurrent Neural Networks},
  author={Forney, Elliott and Anderson, Charles},
  journal={International Joint Conference on Neural Networks (IJCNN)},
  pages={2749--2755},
  year={2011},
  publisher={IEEE}
}

% miscellaneous, e.g, a url
@misc{cebl,
  title={{CEBL}: {C}olorado {EEG} and {B}rain-{C}omputer {I}nterface {L}aboratory},
  author={{Department of Compter Science at Colorado State University}},
  month={March},
  year={2016},
  howpublished={\url{http://www.cs.colostate.edu/eeg/main/software/cebl3}}
}

% masters thesis, use phdthesis for dissertation
@mastersthesis{forney2011thesis,
  title={Electroencephalogram Classification by Forecasting with Recurrent Neural Networks},
  author={Forney, Elliott},
  school={Department of Computer Science, Colorado State University, Fort Collins, CO},
  year={2011}
}

% technical report
@techreport{forney2015echostate,
    title={Echo State Networks for Modeling and Classification of {EEG} Signals in Mental-Task Brain Computer Interfaces},
    author={Forney, Elliott M. and Anderson, Charles W. and Gavin, William J. and Davies, Patricia L. and Roll, Marla C. and Taylor, Brittany K.},
    institution={Colorado State University, Department of Computer Science},
    address={Department of Computer Science, 1100 Center Avenue Mall, Fort Collins, CO 80523},
    year={2015},
    month={November}
}

% book
@book{haykin2009neural,
      title={Neural networks and learning machines},
      author={Haykin, Simon},
      volume={3},
      year={2009},
      publisher={Pearson Upper Saddle River, NJ, USA:}
}

@TechReport{FLAWN80,
  author = {Jianyu Huang and Robert A. van~de~Geijn},
  title = {{BLISlab}: A Sandbox for Optimizing {GEMM}},
  institution = {The University of Texas at Austin, Department of Computer Science},
  type = {FLAME Working Note \#80,},
  number = {TR-16-13},
  year = {2016},
  url = {http://arxiv.org/pdf/1609.00076v1.pdf}
}

@inproceedings{li-wah-DP-icpp85,
  author    = {Guo{-}Jie Li and Benjamin W. Wah},
  title     = {Systolic Processing for Dynamic Programming Problems},
  booktitle = {International Conference on Parallel Processing, ICPP'85},
  pages     = {434--441},
  publisher = {{IEEE} Computer Society Press},
  year      = {1985}
}