@Article{EbrahimpourBoroojeny2019,
  author      = {Ali Ebrahimpour-Boroojeny and Sanjay Rajopadhye and Hamidreza Chitsaz},
  title       = {BPPart and BPMax: RNA-RNA Interaction Partition Function and Structure Prediction for the Base Pair Counting Model},
  year        = {2019},
  month       = {apr},
  eprint      = {1904.01235},
  eprintclass = {q-bio.BM},
  eprinttype  = {arXiv},
  file        = {:http\://arxiv.org/pdf/1904.01235v2:PDF},
  keywords    = {q-bio.BM, q-bio.GN},
}

@InProceedings{Li2013,
  author    = {Junjie Li and Sanjay Ranka and Sartaj Sahni},
  booktitle = {2013 {IEEE} 3rd International Conference on Computational Advances in Bio and medical Sciences ({ICCABS})},
  title     = {Multicore and {GPU} algorithms for nussinov {RNA} folding},
  year      = {2013},
  month     = {jun},
  publisher = {{IEEE}},
  doi       = {10.1109/iccabs.2013.6629204},
}

@InProceedings{Bondhugula2008,
  author    = {Uday Bondhugula and Albert Hartono and J. Ramanujam and P. Sadayappan},
  booktitle = {Proceedings of the 2008 {ACM} {SIGPLAN} conference on Programming language design and implementation - {PLDI} {\textquotesingle}08},
  title     = {A practical automatic polyhedral parallelizer and locality optimizer},
  year      = {2008},
  publisher = {{ACM} Press},
  doi       = {10.1145/1375581.1375595},
}

@InProceedings{Gildemaster2020,
  author    = {Brandon Gildemaster and Prerana Ghalsasi and Sanjay Rajopadhye},
  booktitle = {2020 {IEEE} International Parallel and Distributed Processing Symposium Workshops ({IPDPSW})},
  title     = {A Tropical Semiring Multiple Matrix-Product Library on {GPUs}: (not just) a step towards {RNA}-{RNA} Interaction Computations},
  year      = {2020},
  month     = {may},
  publisher = {{IEEE}},
  doi       = {10.1109/ipdpsw50202.2020.00037},
}


@inproceedings{sanjay-fst-tcs,
	Author = {Rajopadhye, S. V. and Purushothaman, S. and Fujimoto, R. M.},
	Booktitle = {Proceedings, Sixth Conference on Foundations of Software
                  Technology and Theoretical Computer Science},
	Key = {Rajopadhye86b},
	Month = {December},
	Pages = {488-503},
	Publisher = {Springer Verlag, LNCS~241},
	Title = {On Synthesizing Systolic Arrays from Recurrence Equations
                  with Linear Dependencies},
	Year = {1986}}

@article{quinton-jvsp89,
	Author = {Quinton, P. and {Van Dongen}, V.},
	Journal = {Journal of {VLSI} Signal Processing},
	Number = 2,
	Pages = {95-113},
	Publisher = {Kluwer Academic Publishers, Boston},
	Title = {The Mapping of Linear Recurrence Equations on Regular Arrays},
	Volume = 1,
	Year = 1989}

@Article{feautrier91,
author=		"Feautrier, P.",
title=		"Dataflow analysis of array and scalar references",
journal=	"International Journal of Parallel Programming",
year=		1991,
volume=		20,
number=		1,
pages=		"23-53",
month=		"Feb",
annote=		"This article explains how a simple imperative language
	program (consisting only of assignments, for loops with affine loop
	limits, and arrays with affine index expressions), can be statically
	analyzed to find the flow dependencies."
}

@article{feautrier92b,
  author    = {Paul Feautrier},
  title     = {Some Efficient Solutions to the Affine Scheduling Problem.
               {Part II}. Multidimensional Time},
  journal   = {International Journal of Parallel Programming},
  volume    = {21},
  number    = {6},
  year      = {1992},
  pages     = {389-420},
  ee        = {http://dx.doi.org/10.1007/BF01379404}
}

@article{feautrier92a,
  author    = {Paul Feautrier},
  title     = {Some Efficient Solutions to the Affine Scheduling Problem.
              {Part I}.  One-dimensional Time},
  journal   = {International Journal of Parallel Programming},
  volume    = {21},
  number    = {5},
  year      = {1992},
  pages     = {313-347},
  ee        = {http://dx.doi.org/10.1007/BF01407835}
}

@article{pugh-omega-cacm92,
 author = {Pugh, W.},
 title = {A practical algorithm for exact array dependence analysis},
 journal = {Commun. ACM},
 volume = {35},
 number = {8},
 year = {1992},
 issn = {0001-0782},
 pages = {102-114},
 doi = {http://doi.acm.org/10.1145/135226.135233},
 publisher = {ACM Press},
 }
 
 @Article{Chitsaz2009,
  author    = {Hamidreza Chitsaz and Raheleh Salari and S. Cenk Sahinalp and Rolf Backofen},
  journal   = {Bioinformatics},
  title     = {A partition function algorithm for interacting nucleic acid strands},
  year      = {2009},
  month     = {may},
  number    = {12},
  pages     = {i365--i373},
  volume    = {25},
  doi       = {10.1093/bioinformatics/btp212},
  publisher = {Oxford University Press ({OUP})},
}

@Article{Mortimer_2014,
  author    = {Stefanie A. Mortimer and Mary Anne Kidwell and Jennifer A. Doudna},
  journal   = {Nature Reviews Genetics},
  title     = {Insights into {RNA} structure and function from genome-wide studies},
  year      = {2014},
  month     = {may},
  number    = {7},
  pages     = {469--479},
  volume    = {15},
  doi       = {10.1038/nrg3681},
  publisher = {Springer Science and Business Media {LLC}},
}

@Article{Ledda2018,
  author    = {Mirko Ledda and Sharon Aviran},
  journal   = {Genome Biology},
  title     = {{PATTERNA}: transcriptome-wide search for functional {RNA} elements via structural data signatures},
  year      = {2018},
  month     = {mar},
  number    = {1},
  volume    = {19},
  doi       = {10.1186/s13059-018-1399-z},
  publisher = {Springer Science and Business Media {LLC}},
}

@Article{Swenson2012,
  author    = {M Shel Swenson and Joshua Anderson and Andrew Ash and Prashant Gaurav and Zsuzsanna Sükösd and David A Bader and Stephen C Harvey and Christine E Heitsch},
  journal   = {{BMC} Research Notes},
  title     = {{GTfold}: Enabling parallel {RNA} secondary structure prediction on multi-core desktops},
  year      = {2012},
  number    = {1},
  pages     = {341},
  volume    = {5},
  doi       = {10.1186/1756-0500-5-341},
  publisher = {Springer Science and Business Media {LLC}},
}



@InProceedings{Liu2013,
  author    = {Dajiang Liu and Shouyi Yin and Leibo Liu and Shaojun Wei},
  booktitle = {Proceedings of the 50th Annual Design Automation Conference on - {DAC} {\textquotesingle}13},
  title     = {Polyhedral model based mapping optimization of loop nests for {CGRAs}},
  year      = {2013},
  publisher = {{ACM} Press},
  doi       = {10.1145/2463209.2488757},
}

@InProceedings{Varadarajan2019,
  author    = {Varadarajan, Swetha},
  booktitle = {Proceedings of the 4th {ACM} International Workshop on Real World Domain Specific Languages},
  title     = {A Case Study on {RNA}-{RNA} Interaction Application Implementation using {AlphaZ}},
  year      = {2019},
  month     = {feb},
  publisher = {{ACM}},
  doi       = {10.1145/3300111.3300112},
}

@InCollection{Kim2010,
  author    = {DaeGon Kim and Sanjay Rajopadhye},
  booktitle = {Languages and Compilers for Parallel Computing},
  publisher = {Springer Berlin Heidelberg},
  title     = {Efficient Tiled Loop Generation: D-Tiling},
  year      = {2010},
  pages     = {293--307},
  doi       = {10.1007/978-3-642-13374-9_20},
}

@Article{Nussinov1978,
  author    = {Ruth Nussinov and George Pieczenik and Jerrold R. Griggs and Daniel J. Kleitman},
  journal   = {{SIAM} Journal on Applied Mathematics},
  title     = {Algorithms for Loop Matchings},
  year      = {1978},
  month     = {jul},
  number    = {1},
  pages     = {68--82},
  volume    = {35},
  doi       = {10.1137/0135006},
  publisher = {Society for Industrial {\&} Applied Mathematics ({SIAM})},
}

@MastersThesis{Varadarajan2016,
  author = {Varadarajan, Swetha},
  school = {Colorado State University},
  title  = {Polyhedral optimizations of {RNA}-{RNA} interaction computations},
  year   = {2016},
}

@PhdThesis{Mauras1989,
  author = {Mauras, Christophe},
  school = {Rennes 1},
  title  = {Alpha : un langage equationnel pour la conception et la programmation d'architectures paralleles synchrones},
  year   = {1989},
}

@inproceedings{Iooss2015MonoparametricTI,
  title={Mono-parametric Tiling is a Polyhedral Transformation},
  author={Guillaume Iooss and S. Rajopadhye and Christophe Alias and Y. Zou},
  year={2015}
}

@misc{noauthor_mmalpha_nodate-1,
	title = {{MMAlpha} {Homepage}},
	url = {http://www.irisa.fr/cosi/ALPHA/},
}

@inproceedings{sanjay-lcpc2012,
  title={{AlphaZ}: A System for Design Space Exploration in the Polyhedral
                  Model},
  author={Yuki, T. and Gupta, G. and Kim, DG. and Pathan, T. and Rajopadhye,
                  S.},
  booktitle={Proceedings of the 25th International Workshop on Languages and
                  Compilers for Parallel Computing},
  month = {September}, 
  year={2012},
}

@inproceedings{Bondhugula2015PLuToAP,
  title={PLuTo: A Practical and Fully Automatic Polyhedral Program Optimization System},
  author={Uday Bondhugula and J. Ramanujam and P. Sadayappan},
  year={2015}
}

@techreport{Chen08chill:a,
    author = {Chun Chen and Jacqueline Chame and Mary Hall},
    title = {CHiLL: A framework for composing high-level loop transformations},
    institution = {},
    year = {2008}
}

@phdthesis{leverge-thesis,
	Author = {{Le Verge}, H.},
	Month = {Oct},
	School = {L'Universit\'{e} de Rennes I},
	Title = {Un environnement de transformations de programmmes pour la
                  synth\`ese d'architectures r\'eguli\`eres},
	Year = 1992}

@inproceedings{leverge-parle92,
	Author = {{Le Verge}, H.},
	Booktitle = {Parallel Algorithms and Architectures, Europe},
	Editor = {Etiemble, D. and Syre, J-C.},
	Month = {June},
	Note = {See also, Le Verge Thesis (in French)},
	Pages = {397-411},
	Publisher = {Springer Verlag},
	Series = {LNCS},
	Title = {Reduction operators in Alpha},
	Year = 1992}

@inproceedings{DupontQuRi93,
	Author = {F. {Dupont de Dinechin} and P. Quinton and T. Risset},
	Booktitle = {Massively Parallel Programming Models},
	Editor = {W.K Giloi and S. Jahnichen and B.D. Shriver},
	Pages = {18-24},
	Publisher = {IEEE Conmputer Society Press},
	Title = {Structuration of the Alpha Language},
	Year = 1995}

@PhdThesis{florent-thesis,
  author = 	 {{Dupont de Dincehcin}, F.},
  title = 	 {Systèmes structurés d'équations récurrentes~: mise en
                  {\oe}uvre dans le langage {Alpha} et applications},
  school = 	 {Université de Rennes},
  year = 	 1997,
  month =	 {janvier}
}

@inproceedings{fdupont-asap96,
	Author = {{de Dinechin} F. and Robert, S.},
	Booktitle = {International Conference on Application Specific Systems
                  Architectures and Processors (ASAP 96)},
	Editor = {Fortes, J. and Mongenet, C. and Parhi, K. and Taylor, V.},
	Month = {August},
	Organization = {IEEE},
	Pages = {381-390},
	Title = {Hierarchical Static Analysis of Structured Systems of Affine
                  Recurrence Equations},
	Year = 1996}

@InProceedings{guillou-mma,
  title = 	 {Hardware Design Methodology with the {Alpha} Language},
  author=        {Guillou, A\-C. and Quilleré, F. and Quinton, P. and
                  Rajopadhye, S. and Risset, T.},
  year = 	 2001,
  booktitle =	 {Forum on Design Languages},
  month =	 {Sept}
}

@Article{Palkowski2019,
  author    = {Marek Palkowski and Wlodzimierz Bielecki},
  journal   = {{BMC} Bioinformatics},
  title     = {Tiling Nussinov's {RNA} folding loop nest with a space-time approach},
  year      = {2019},
  month     = {apr},
  number    = {1},
  volume    = {20},
  doi       = {10.1186/s12859-019-2785-6},
  publisher = {Springer Science and Business Media {LLC}},
}

@article{Pervouchine2004IRISIR,
  title={IRIS: intermolecular RNA interaction search.},
  author={D. D. Pervouchine},
  journal={Genome informatics. International Conference on Genome Informatics},
  year={2004},
  volume={15 2},
  pages={
          92-101
        }
}

@Article{Huang2009,
  author    = {Fenix W. D. Huang and Jing Qin and Christian M. Reidys and Peter F. Stadler},
  journal   = {Bioinformatics},
  title     = {Partition function and base pairing probabilities for {RNA}{\textendash}{RNA} interaction prediction},
  year      = {2009},
  month     = {aug},
  number    = {20},
  pages     = {2646--2654},
  volume    = {25},
  doi       = {10.1093/bioinformatics/btp481},
  publisher = {Oxford University Press ({OUP})},
}

@misc{MondalBPMax,
  author = {Chiranjeb Mondal and Sanjay Rajopadhye},
  title = {BPMax acceleration on CPU},
  year = {2020},
  publisher = {GitHub},
  journal = {GitHub repository},
  howpublished = {\url{https://github.com/chiranjeb/BPMaxCPU}},
  commit = {}
}
